{
  "leader": "01541cam a2200397Ia 4500",
  "fields": [
    {
      "001": "ocm00258802\\"
    },
    {
      "003": "OCoLC"
    },
    {
      "005": "20220701134317.0"
    },
    {
      "008": "720308s1955\\\\\\\\dcua\\\\\\\\\\\\\\\\\\f000\\0\\eng\\\\"
    },
    {
      "010": {
        "ind1": "\\",
        "ind2": "\\",
        "subfields": [
          {
            "a": "   55061471 "
          }
        ]
      }
    },
    {
      "040": {
        "ind1": "\\",
        "ind2": "\\",
        "subfields": [
          {
            "a": "DLC"
          },
          {
            "b": "eng"
          },
          {
            "c": "WSU"
          },
          {
            "d": "OCL"
          },
          {
            "d": "SER"
          },
          {
            "d": "SLU"
          },
          {
            "d": "KEN"
          },
          {
            "d": "OCLCQ"
          },
          {
            "d": "AGL"
          },
          {
            "d": "AMAZN"
          },
          {
            "d": "NNM"
          },
          {
            "d": "OCLCF"
          },
          {
            "d": "OCLCQ"
          },
          {
            "d": "OCLCO"
          },
          {
            "d": "VPI"
          },
          {
            "d": "UMK"
          },
          {
            "d": "OCLCQ"
          },
          {
            "d": "OCLCO"
          }
        ]
      }
    },
    {
      "016": {
        "ind1": "7",
        "ind2": "\\",
        "subfields": [
          {
            "a": "CAT10996086"
          },
          {
            "2": "DNAL"
          }
        ]
      }
    },
    {
      "019": {
        "ind1": "\\",
        "ind2": "\\",
        "subfields": [
          {
            "a": "236436640"
          }
        ]
      }
    },
    {
      "035": {
        "ind1": "\\",
        "ind2": "\\",
        "subfields": [
          {
            "a": "(OCoLC)258802"
          },
          {
            "z": "(OCoLC)236436640"
          }
        ]
      }
    },
    {
      "043": {
        "ind1": "\\",
        "ind2": "\\",
        "subfields": [
          {
            "a": "n-us---"
          }
        ]
      }
    },
    {
      "050": {
        "ind1": "0",
        "ind2": "4",
        "subfields": [
          {
            "a": "HJ275"
          },
          {
            "b": ".A513 1955"
          }
        ]
      }
    },
    {
      "070": {
        "ind1": "0",
        "ind2": "\\",
        "subfields": [
          {
            "a": "173"
          },
          {
            "b": "In8272D"
          }
        ]
      }
    },
    {
      "072": {
        "ind1": "\\",
        "ind2": "0",
        "subfields": [
          {
            "a": "X800"
          }
        ]
      }
    },
    {
      "082": {
        "ind1": "0",
        "ind2": "4",
        "subfields": [
          {
            "a": "336.39"
          },
          {
            "b": "DES"
          }
        ]
      }
    },
    {
      "245": {
        "ind1": "0",
        "ind2": "2",
        "subfields": [
          {
            "a": "A description of twenty-five federal grant-in-aid programs :"
          },
          {
            "b": "submitted to the Commission on Intergovernmental Relations."
          }
        ]
      }
    },
    {
      "246": {
        "ind1": "3",
        "ind2": "0",
        "subfields": [
          {
            "a": "Twenty-five Federal grant-in-aid programs"
          }
        ]
      }
    },
    {
      "260": {
        "ind1": "\\",
        "ind2": "\\",
        "subfields": [
          {
            "a": "Washington, D.C. :"
          },
          {
            "b": "U.S. G.P.O.,"
          },
          {
            "c": "1955."
          }
        ]
      }
    },
    {
      "300": {
        "ind1": "\\",
        "ind2": "\\",
        "subfields": [
          {
            "a": "vii, 179 pages :"
          },
          {
            "b": "illustrations ;"
          },
          {
            "c": "24 cm"
          }
        ]
      }
    },
    {
      "336": {
        "ind1": "\\",
        "ind2": "\\",
        "subfields": [
          {
            "a": "text"
          },
          {
            "b": "txt"
          },
          {
            "2": "rdacontent"
          }
        ]
      }
    },
    {
      "337": {
        "ind1": "\\",
        "ind2": "\\",
        "subfields": [
          {
            "a": "unmediated"
          },
          {
            "b": "n"
          },
          {
            "2": "rdamedia"
          }
        ]
      }
    },
    {
      "338": {
        "ind1": "\\",
        "ind2": "\\",
        "subfields": [
          {
            "a": "volume"
          },
          {
            "b": "nc"
          },
          {
            "2": "rdacarrier"
          }
        ]
      }
    },
    {
      "530": {
        "ind1": "\\",
        "ind2": "\\",
        "subfields": [
          {
            "a": "Also issued online."
          }
        ]
      }
    },
    {
      "650": {
        "ind1": "\\",
        "ind2": "0",
        "subfields": [
          {
            "a": "Grants-in-aid"
          },
          {
            "z": "United States."
          }
        ]
      }
    },
    {
      "650": {
        "ind1": "\\",
        "ind2": "7",
        "subfields": [
          {
            "a": "Grants-in-aid."
          },
          {
            "2": "fast"
          },
          {
            "0": "(OCoLC)fst00946429"
          }
        ]
      }
    },
    {
      "651": {
        "ind1": "\\",
        "ind2": "7",
        "subfields": [
          {
            "a": "United States."
          },
          {
            "2": "fast"
          },
          {
            "0": "(OCoLC)fst01204155"
          }
        ]
      }
    },
    {
      "655": {
        "ind1": "\\",
        "ind2": "0",
        "subfields": [
          {
            "a": "Government publications"
          }
        ]
      }
    },
    {
      "710": {
        "ind1": "1",
        "ind2": "\\",
        "subfields": [
          {
            "a": "United States."
          },
          {
            "b": "Commission on Intergovernmental Relations."
          }
        ]
      }
    },
    {
      "776": {
        "ind1": "0",
        "ind2": "8",
        "subfields": [
          {
            "i": "Online version:"
          },
          {
            "t": "Description of twenty-five Federal grant-in-aid programs."
          },
          {
            "d": "Washington, D.C. : U.S.G.P.O., 1955"
          },
          {
            "w": "(OCoLC)572218671"
          }
        ]
      }
    },
    {
      "994": {
        "ind1": "\\",
        "ind2": "\\",
        "subfields": [
          {
            "a": "Z0"
          },
          {
            "b": "NYRVC"
          }
        ]
      }
    },
    {
      "948": {
        "ind1": "\\",
        "ind2": "\\",
        "subfields": [
          {
            "h": "NO HOLDINGS IN NYRVC - 125 OTHER HOLDINGS"
          }
        ]
      }
    },
    {
      "999": {
        "ind1": "\\",
        "ind2": "\\",
        "subfields": [
          {
            "a": "00000000014318"
          }
        ]
      }
    }
  ]
}